@article{grumiaux2022survey,
  title={A survey of sound source localization with deep learning methods},
  author={Grumiaux, Pierre-Amaury and Kiti{\'c}, Sr{\dj}an and Girin, Laurent and Gu{\'e}rin, Alexandre},
  journal={The Journal of the Acoustical Society of America},
  volume={152},
  number={1},
  pages={107--151},
  year={2022},
  publisher={Acoustical Society of America}
}

